@article{spearman1904proof,
    author = {Spearman, C.},
    issn = {00029556},
    journal = {The American Journal of Psychology},
    number = 1,
    pages = {72-101},
    publisher = {University of Illinois Press},
    title = {{The Proof and Measurement of Association between Two Things}},
    volume = 15,
    year = 1904
}

@online{datasets2022,
    author = {foorilla LLC},
    title = {{foorilla homepage with multiple datasets}},
    date = {2022-02-01},
    url = {https://foorilla.com/}
}

@inbook{coefficient2008,
    title="Coefficient of Determination",
    bookTitle="The Concise Encyclopedia of Statistics",
    author={Prof. Yadolah Dodge},
    year="2008",
    publisher="Springer New York",
    address="New York, NY",
    pages="88--91",
    isbn="978-0-387-32833-1",
    doi="10.1007/978-0-387-32833-1_62",
    url="https://doi.org/10.1007/978-0-387-32833-1_62"
}
